%% This BibTeX bibliography file was created using BibDesk.
%% http://bibdesk.sourceforge.net/


%% Created for Jan De Beule at 2014-08-20 13:57:51 +0200 


%% Saved with string encoding Unicode (UTF-8) 

@article{LaVa,
	Author = {Lavrauw, Michel and Van de Voorde, Geertrui},
	Title = {Field reduction and linear sets in finite geometry},
	Journal = {to appear in AMS Contemp. Math}
	Year = {2013}}
	
	
	
@phdthesis{PhDOffer,
	Author = {Offer, Alan},
	Date-Added = {2014-08-20 11:56:47 +0000},
	Date-Modified = {2014-08-20 11:57:51 +0000},
	School = {The university of Adelaide},
	Title = {Spreads and Ovoids of the Split Cayley Hexagon},
	Year = {2000}}

@article{Tits1959,
	Author = {Tits, Jacques},
	Coden = {PMIHA6},
	Date-Added = {2014-08-20 08:38:10 +0000},
	Date-Modified = {2014-08-20 08:38:22 +0000},
	Fjournal = {Institut des Hautes \'Etudes Scientifiques. Publications Math\'ematiques},
	Issn = {0073-8301},
	Journal = {Inst. Hautes \'Etudes Sci. Publ. Math.},
	Mrclass = {Contributed Item},
	Mrnumber = {1557095},
	Number = {2},
	Pages = {13--60},
	Title = {Sur la trialit\'e et certains groupes qui s'en d\'eduisent},
	Url = {http://www.numdam.org/item?id=PMIHES_1959__2__13_0},
	Year = {1959},
	Bdsk-Url-1 = {http://www.numdam.org/item?id=PMIHES_1959__2__13_0}}

@book{HVM,
	Author = {Van Maldeghem, Hendrik},
	Date-Added = {2014-08-19 11:18:25 +0000},
	Date-Modified = {2014-08-19 11:18:38 +0000},
	Doi = {10.1007/978-3-0348-0271-0},
	Isbn = {978-3-0348-0270-3; 978-3-0348-0271-0},
	Mrclass = {01A75},
	Mrnumber = {3014920},
	Note = {[2011 reprint of the 1998 original] [MR1725957]},
	Pages = {xvi+502},
	Publisher = {Birkh\"auser/Springer Basel AG, Basel},
	Series = {Modern Birkh\"auser Classics},
	Title = {Generalized polygons},
	Url = {https://doi.org/10.1007/978-3-0348-0271-0},
	Year = {1998},
	Bdsk-Url-1 = {https://doi.org/10.1007/978-3-0348-0271-0}}

@book{VY65b,
	Author = {Veblen, Oswald and Young, John Wesley},
	Date-Added = {2011-12-23 10:02:39 +0100},
	Date-Modified = {2011-12-23 10:03:01 +0100},
	Mrclass = {50.00 (50.30)},
	Mrnumber = {0179667 (31 \#3912b)},
	Pages = {x+511},
	Publisher = {Blaisdell Publishing Co. Ginn and Co.\, New York-Toronto-London},
	Title = {Projective geometry. {V}ol. 2 (by {O}swald {V}eblen)},
	Year = {1965},
	Bdsk-Url-1 = {http://www.ams.org/mathscinet-getitem?mr=0179667}}

@book{VY65a,
	Author = {Veblen, Oswald and Young, John Wesley},
	Date-Added = {2011-12-23 10:02:34 +0100},
	Date-Modified = {2011-12-23 10:02:55 +0100},
	Mrclass = {50.00 (50.30)},
	Mrnumber = {0179666 (31 \#3912a)},
	Pages = {x+345},
	Publisher = {Blaisdell Publishing Co. Ginn and Co.\, New York-Toronto-London},
	Title = {Projective geometry. {V}ol. 1},
	Year = {1965},
	Bdsk-Url-1 = {http://www.ams.org/mathscinet-getitem?mr=0179666}}

@article{BS1974,
	Author = {Buekenhout, Francis and Shult, Ernest},
	Date-Added = {2011-12-23 09:30:14 +0100},
	Date-Modified = {2011-12-23 09:30:50 +0100},
	Fjournal = {Geometriae Dedicata},
	Issn = {0046-5755},
	Journal = {Geometriae Dedicata},
	Mrclass = {50A20},
	Mrnumber = {0350599 (50 \#3091)},
	Mrreviewer = {F. D. Veldkamp},
	Pages = {155--170},
	Title = {On the foundations of polar geometry},
	Volume = {3},
	Year = {1974},
	Bdsk-Url-1 = {http://www.ams.org/mathscinet-getitem?mr=0350599}}

@book{MR0470099,
	Address = {Berlin},
	Author = {Tits, Jacques},
	Date-Added = {2011-12-23 09:29:33 +0100},
	Date-Modified = {2011-12-23 09:29:33 +0100},
	Mrclass = {20G15 (50A20)},
	Mrnumber = {0470099 (57 \#9866)},
	Mrreviewer = {Bruce Cooperstein},
	Pages = {x+299},
	Publisher = {Springer-Verlag},
	Series = {Lecture Notes in Mathematics, Vol. 386},
	Title = {Buildings of spherical type and finite {BN}-pairs},
	Year = {1974},
	Bdsk-Url-1 = {http://www.ams.org/mathscinet-getitem?mr=0470099}}

@book{FGQ,
	Address = {Boston, MA},
	Author = {Payne, S. E. and Thas, J. A.},
	Isbn = {0-273-08655-3},
	Mrclass = {51E30 (05B25 51B25)},
	Mrnumber = {86a:51029},
	Mrreviewer = {W. M. Kantor},
	Pages = {vi+312},
	Publisher = {Pitman (Advanced Publishing Program)},
	Series = {Research Notes in Mathematics},
	Title = {Finite generalized quadrangles},
	Volume = {110},
	Year = {1984}}

@article{Veldkamp,
	Author = {Veldkamp, F. D.},
	Journal = {Nederl. Akad. Wetensch. Proc. Ser. A 62; 63 = Indag. Math. 21 (1959), 512-551},
	Mrclass = {50.30},
	Mrnumber = {MR0125472 (23 \#A2773)},
	Mrreviewer = {P. Vincensini},
	Pages = {207--212},
	Title = {Polar geometry. {I}, {II}, {III}, {IV}, {V}},
	Volume = {22},
	Year = {1959}}

@book{Tits74,
	Address = {Berlin},
	Author = {Tits, Jacques},
	Mrclass = {20G15 (50A20)},
	Mrnumber = {MR0470099 (57 \#9866)},
	Mrreviewer = {Bruce Cooperstein},
	Note = {Lecture Notes in Mathematics, Vol. 386},
	Pages = {x+299},
	Publisher = {Springer-Verlag},
	Title = {Buildings of spherical type and finite {BN}-pairs},
	Year = {1974}}

@book{BrouwerCohenNeumaier,
	Address = {Berlin},
	Author = {Brouwer, A. E. and Cohen, A. M. and Neumaier, A.},
	Isbn = {3-540-50619-5},
	Mrclass = {05-02 (05C75)},
	Mrnumber = {MR1002568 (90e:05001)},
	Mrreviewer = {Joe Hemmeter},
	Pages = {xviii+495},
	Publisher = {Springer-Verlag},
	Series = {Ergebnisse der Mathematik und ihrer Grenzgebiete (3) [Results in Mathematics and Related Areas (3)]},
	Title = {Distance-regular graphs},
	Volume = {18},
	Year = {1989}}

@book{KleidmanLiebeck,
	Address = {Cambridge},
	Author = {Kleidman, Peter and Liebeck, Martin},
	Isbn = {0-521-35949-X},
	Mrclass = {20-02 (20D06 20G40)},
	Mrnumber = {91g:20001},
	Mrreviewer = {R. W. Carter},
	Pages = {x+303},
	Publisher = {Cambridge University Press},
	Series = {London Mathematical Society Lecture Note Series},
	Title = {The subgroup structure of the finite classical groups},
	Volume = {129},
	Year = {1990}}

@book{HirschfeldThas,
	Address = {New York},
	Author = {Hirschfeld, J. W. P. and Thas, J. A.},
	Isbn = {0-19-853537-6},
	Mrclass = {51Exx (51-02 51A40 51E14)},
	Mrnumber = {MR1363259 (96m:51007)},
	Mrreviewer = {Vikram Jha},
	Note = {Oxford Science Publications},
	Pages = {xiv+407},
	Publisher = {The Clarendon Press Oxford University Press},
	Series = {Oxford Mathematical Monographs},
	Title = {General {G}alois geometries},
	Year = {1991}}

@article{Tits59,
	Author = {Tits, J.},
	Journal = {Inst. Hautes Etudes Sci. Publ. Math.},
	Pages = {14--60},
	Title = {Sur la trialit\'e et certains groupes qui s'en d\'eduisent},
	Volume = {2},
	Year = {1959}}

@article{Gill,
	Author = {Gill, Nick},
	Journal = {to appear in New Zealand J. Math.},
	Title = {Polar spaces and embeddings of classical groups},
	Year = {2008}}

@book{Cameron,
	Address = {\url{http://www.maths.qmul.ac.uk/~pjc/pps/}},
	Author = {Cameron, Peter J.},
	Publisher = {Online notes},
	Title = {Projective and Polar Spaces},
	Year = {2000}}

@book{Cameron2,
	Address = {\url{http://www.maths.qmul.ac.uk/~pjc/class_gps/}},
	Author = {Cameron, Peter J.},
	Publisher = {Online notes},
	Title = {Classical Groups},
	Year = {2000}}

@inproceedings{Payne85,
	Author = {Payne, Stanley E.},
	Booktitle = {Proceedings of the sixteenth {S}outheastern international conference on combinatorics, graph theory and computing ({B}oca {R}aton, {F}la., 1985)},
	Fjournal = {Congressus Numerantium. A Conference Journal on Numerical Themes},
	Journal = {Congr. Numer.},
	Pages = {115--128},
	Title = {A new infinite family of generalized quadrangles},
	Volume = {49},
	Year = {1985}}

@article{BLT,
	Author = {Bader, Laura and Lunardon, Guglielmo and Thas, Joseph A.},
	Fjournal = {Forum Mathematicum},
	Journal = {Forum Math.},
	Number = {2},
	Pages = {163--174},
	Title = {Derivation of flocks of quadratic cones},
	Volume = {2},
	Year = {1990}}

@book{BC2013,
	Author = {Buekenhout, Francis and Cohen, Arjeh M.},
	Doi = {10.1007/978-3-642-34453-4},
	Isbn = {978-3-642-34452-7; 978-3-642-34453-4},
	Mrclass = {51-02 (51E24)},
	Mrnumber = {3014979},
	Mrreviewer = {Paul-Hermann Zieschang},
	Note = {Related to classical groups and buildings},
	Pages = {xiv+592},
	Publisher = {Springer, Heidelberg},
	Series = {Ergebnisse der Mathematik und ihrer Grenzgebiete. 3. Folge. A Series of Modern Surveys in Mathematics [Results in Mathematics and Related Areas. 3rd Series. A Series of Modern Surveys in Mathematics]},
	Title = {Diagram geometry},
	Url = {https://doi.org/10.1007/978-3-642-34453-4},
	Volume = {57},
	Year = {2013},
	Bdsk-Url-1 = {https://doi.org/10.1007/978-3-642-34453-4}}
    
    @book {Dembowski68,
    AUTHOR = {Dembowski, Peter},
     TITLE = {Finite geometries},
    SERIES = {Classics in Mathematics},
      NOTE = {Reprint of the 1968 original},
 PUBLISHER = {Springer-Verlag, Berlin},
      YEAR = {1997},
     PAGES = {xii+375},
      ISBN = {3-540-61786-8},
   MRCLASS = {51Exx (05B25 51-02)},
  MRNUMBER = {1434062},
}
