%% This BibTeX bibliography file was created using BibDesk.
%% http://bibdesk.sourceforge.net/


%% Created for Jan De Beule at 2014-12-22 16:49:14 +0100 


%% Saved with string encoding Unicode (UTF-8) 



@manual{genss,
	Author = {Neunh\"offer, Max and Noeske, Felix},
	Date-Added = {2014-12-22 15:47:04 +0000},
	Date-Modified = {2014-12-22 15:47:55 +0000},
	Key = {genss},
	Title = {{genss -- Generic Schreier-Sims, Version 1.6.2}},
	Url = {\verb+(https://www.gap-system.org/Packages/genss.html)+},
	Year = 2014,
	Bdsk-Url-1 = {%5Cverb+(http://cage.ugent.be/fining)+}}

@book{BC13,
	Author = {Buekenhout, Francis and Cohen, Arjeh M.},
	Date-Added = {2014-12-22 13:11:42 +0000},
	Date-Modified = {2014-12-22 13:11:47 +0000},
	Doi = {10.1007/978-3-642-34453-4},
	Isbn = {978-3-642-34452-7; 978-3-642-34453-4},
	Mrclass = {51-02 (51E24)},
	Mrnumber = {3014979},
	Mrreviewer = {Paul-Hermann Zieschang},
	Note = {Related to classical groups and buildings},
	Pages = {xiv+592},
	Publisher = {Springer, Heidelberg},
	Series = {Ergebnisse der Mathematik und ihrer Grenzgebiete. 3. Folge. A Series of Modern Surveys in Mathematics [Results in Mathematics and Related Areas. 3rd Series. A Series of Modern Surveys in Mathematics]},
	Title = {Diagram geometry},
	Url = {https://doi.org/10.1007/978-3-642-34453-4},
	Volume = {57},
	Year = {2013},
	Bdsk-Url-1 = {https://doi.org/10.1007/978-3-642-34453-4}}

@manual{cvec,
	Author = {Neunh\"offer, Max},
	Date-Added = {2014-10-20 20:44:51 +0200},
	Date-Modified = {2014-10-20 20:44:51 +0200},
	Key = {cvec},
	Title = {{cvec -- Compact vectors over finite fields, Version 2.4}},
	Url = {\verb+(https://www.gap-system.org/Packages/cvec.html)+},
	Year = 2014,
	Bdsk-Url-1 = {%5Cverb+(http://cage.ugent.be/fining)+}}

@manual{design,
	Author = {Soicher, L.},
	Date-Added = {2014-10-20 20:41:08 +0200},
	Date-Modified = {2014-10-20 20:41:08 +0200},
	Key = {grape},
	Title = {{DESIGN -- The Design Package for GAP, Version 1.6}},
	Url = {\verb+(http://www.designtheory.org/software/gap_design/)+},
	Year = 2011,
	Bdsk-Url-1 = {%5Cverb+(http://cage.ugent.be/fining)+}}

@article{magma,
	Author = {Bosma, Wieb and Cannon, John and Playoust, Catherine},
	Date-Added = {2014-10-19 20:19:22 +0200},
	Date-Modified = {2014-10-19 20:19:29 +0200},
	Doi = {10.1006/jsco.1996.0125},
	Fjournal = {Journal of Symbolic Computation},
	Issn = {0747-7171},
	Journal = {J. Symbolic Comput.},
	Mrclass = {68Q40},
	Mrnumber = {MR1484478},
	Note = {Computational algebra and number theory (London, 1993)},
	Number = {3-4},
	Pages = {235--265},
	Title = {The {M}agma algebra system. {I}. {T}he user language},
	Url = {https://doi.org/10.1006/jsco.1996.0125},
	Volume = {24},
	Year = {1997},
	Bdsk-Url-1 = {https://doi.org/10.1006/jsco.1996.0125}}

@manual{fining,
	Author = {Bamberg, John and Betten, Anton and Cara, Philippe and De Beule, Jan and Lavrauw, Michel and Neunh\"offer, Max},
	Date-Added = {2014-10-19 20:15:55 +0200},
	Date-Modified = {2014-10-19 20:15:55 +0200},
	Key = {fining},
	Title = {{FinInG -- Finite Incidence Geometry, Version 1.0}},
	Url = {\verb+(http://cage.ugent.be/fining)+},
	Year = 2014,
	Bdsk-Url-1 = {%5Cverb+(http://cage.ugent.be/fining)+}}

@manual{grape,
	Author = {Soicher, L.},
	Date-Added = {2014-10-19 20:14:14 +0200},
	Date-Modified = {2014-10-19 20:14:39 +0200},
	Key = {grape},
	Title = {{GRAPE -- GRaph Algorithms using PErmutation groups, Version 4.6.1}},
	Url = {\verb+(http://www.maths.qmul.ac.uk/~leonard/grape/)+},
	Year = 2012,
	Bdsk-Url-1 = {%5Cverb+(http://cage.ugent.be/fining)+}}

@manual{orb,
	Author = {M\"uller, J\"urgen and Neunh\"offer, Max and Noeske, Felix},
	Date-Added = {2014-10-19 20:11:43 +0200},
	Date-Modified = {2014-10-20 20:46:13 +0200},
	Key = {orb},
	Title = {{orb -- Methods to enumerate Orbits, Version 4.7.1}},
	Url = {\verb+(https://www.gap-system.org/Packages/orb.html)+},
	Year = 2014,
	Bdsk-Url-1 = {%5Cverb+(http://cage.ugent.be/fining)+}}

@manual{forms,
	Author = {Bamberg, John and De Beule, Jan},
	Date-Added = {2014-10-19 20:10:03 +0200},
	Date-Modified = {2014-10-19 20:17:36 +0200},
	Key = {forms},
	Title = {{FORMS -- Sesquilinear and Quadratic, Version 1.2.2}},
	Url = {\verb+(http://cage.ugent.be/geometry/forms.php)+},
	Year = 2011,
	Bdsk-Url-1 = {%5Cverb+(http://cage.ugent.be/fining)+}}

@manual{GAP4,
	Date-Added = {2014-10-19 20:09:44 +0200},
	Date-Modified = {2014-10-19 20:09:44 +0200},
	Key = {GAP},
	Organization = {The GAP~Group},
	Title = {{GAP -- Groups, Algorithms, and Programming, Version 4.7.5}},
	Url = {\verb+(https://www.gap-system.org)+},
	Year = 2014,
	Bdsk-Url-1 = {%5Cverb+(https://www.gap-system.org)+}}
